<record><leader>00000cas a22000007a 4500</leader><controlfield tag="001">11308401</controlfield><controlfield tag="008">841025d18761883iauwr ne      0    0eng d</controlfield><datafield ind1=" " ind2=" " tag="010"><subfield code="a">sn 84038425 </subfield></datafield><datafield ind1=" " ind2=" " tag="040"><subfield code="a">NPX</subfield><subfield code="b">eng</subfield><subfield code="c">NPX</subfield><subfield code="d">INP</subfield><subfield code="d">CZL</subfield><subfield code="d">OCLCQ</subfield></datafield><datafield ind1=" " ind2=" " tag="042"><subfield code="a">msc</subfield></datafield><datafield ind1=" " ind2=" " tag="043"><subfield code="a">n-us-ia</subfield></datafield><datafield ind1="0" ind2="4" tag="245"><subfield code="a">The Shellsburg record.</subfield></datafield><datafield ind1="3" ind2="0" tag="246"><subfield code="a">Record</subfield></datafield><datafield ind1=" " ind2=" " tag="260"><subfield code="a">Shellsburg, Iowa :</subfield><subfield code="b">Oliver J. Smith</subfield></datafield><datafield ind1=" " ind2=" " tag="300"><subfield code="a">v. ;</subfield><subfield code="c">64 cm.</subfield></datafield><datafield ind1=" " ind2=" " tag="310"><subfield code="a">Weekly</subfield></datafield><datafield ind1="1" ind2=" " tag="362"><subfield code="a">Began in 1876? Ceased in 1883?</subfield><subfield code="z">Cf. Bibl. of Iowa newspapers.</subfield></datafield><datafield ind1=" " ind2=" " tag="500"><subfield code="a">Publishers: Smith &amp; Hanford, &lt;Aug. 9, 1879&gt;; Runyon &amp; Carver, &lt;July 15, 1882&gt;.</subfield></datafield><datafield ind1=" " ind2=" " tag="500"><subfield code="a">"Home first; then the outside world."</subfield></datafield><datafield ind1=" " ind2=" " tag="500"><subfield code="a">Editor: Oliver J. Smith, &lt;1876&gt;; Smith &amp; Hanford, &lt;Aug. 9, 1879&gt;; Runyon &amp; Carver, &lt;July 15, 1882&gt;.</subfield></datafield><datafield ind1=" " ind2=" " tag="588"><subfield code="a">Description based on: Vol. 3, no. 5 (June 24, 1876).</subfield></datafield><datafield ind1=" " ind2="0" tag="651"><subfield code="a">Shellsburg (Iowa)</subfield><subfield code="v">Maps.</subfield></datafield><datafield ind1=" " ind2=" " tag="752"><subfield code="a">United States</subfield><subfield code="b">Iowa</subfield><subfield code="c">Benton</subfield><subfield code="d">Shellsburg.</subfield></datafield><datafield ind1="0" ind2="0" tag="780"><subfield code="t">Benton County record (Shellsburg, Iowa)</subfield></datafield><datafield ind1="1" ind2=" " tag="029"><subfield code="a">AU@</subfield><subfield code="b">000025821764</subfield></datafield></record>